@article{Athens2009,
  doi = {10.1007/s10530-008-9402-3},
  url = {https://doi.org/10.1007/s10530-008-9402-3},
  year  = {2009},
  month = {nov},
  publisher = {Springer Science $\mathplus$ Business Media},
  volume = {11},
  number = {7},
  pages = {1489--1501},
  author = {J. Stephen Athens},
  title = {Rattus exulans and the catastrophic disappearance of Hawai'i's native lowland forest},
  journal = {Biol Invasions}
}

@article{Atkinson1985,
  title={The spread of commensal species of Rattus to oceanic islands and their effects on island avifaunas},
  author={Atkinson, Ian AE},
  journal={Conservation of island birds},
  volume={3},
  pages={35--81},
  year={1985},
  url={https://eurekamag.com/research/021/989/021989185.php}
}

@article{Brooke2004,
  doi = {10.1098/rsbl.2003.0153},
  url = {https://doi.org/10.1098/rsbl.2003.0153},
  year  = {2004},
  month = {may},
  publisher = {The Royal Society},
  volume = {271},
  number = {Suppl{\_}4},
  pages = {S246--S248},
  author = {M. de L. Brooke},
  title = {The food consumption of the world's seabirds},
  journal = {Proceedings of the Royal Society B: Biological Sciences}
}

@article{Bosman1986,
  doi = {10.1016/0272-7714(86)90028-4},
  url = {https://doi.org/10.1016/0272-7714(86)90028-4},
  year  = {1986},
  month = {sep},
  publisher = {Elsevier {BV}},
  volume = {23},
  number = {3},
  pages = {283--294},
  author = {A.L. Bosman and J.T. Du Toit and P.A.R. Hockey and G.M. Branch},
  title = {A field experiment demonstrating the influence of seabird guano on intertidal primary production},
  journal = {Estuarine,  Coastal and Shelf Science}
}

@article{Harper2015,
  doi = {10.1016/j.gecco.2015.02.010},
  url = {http://dx.doi.org/10.1016/j.gecco.2015.02.010},
  year  = {2015},
  month = {jan},
  publisher = {Elsevier},
  volume = {3},
  pages = {607--627},
  author = {Grant A. Harper and Nancy Bunbury},
  title = {Invasive rats on tropical islands: Their population biology and impacts on native species},
  journal = {Global Ecology and Conservation}
}

@article{Harper2005,
 ISSN = {01106465, 11777788},
 url = {http://www.jstor.org/stable/24058181},
 author = {Grant A. Harper, Katharine J. M. Dickinson, Philip J. Seddon},
 journal = {New Zealand Journal of Ecology},
 number = {2},
 pages = {251-260},
 publisher = {New Zealand Ecological Society},
 title = {Habitat use by three rat species (Rattus spp.) on Stewart Island/Rakiura, New Zealand},
 volume = {29},
 year = {2005}
}

@article{Jones2008,
  doi = {10.1111/j.1523-1739.2007.00859.x},
  url = {https://doi.org/10.1111/j.1523-1739.2007.00859.x},
  year  = {2008},
  month = {feb},
  publisher = {Wiley-Blackwell},
  volume = {22},
  number = {1},
  pages = {16--26},
  author = {Holly P. Jones and Bernie R. Tershy and Erika S. Zavaleta and Donald A. Croll and Bradford S. Keitt and Myra E. Finkelstein and Gregg R. Howald},
  title = {Severity of the Effects of Invasive Rats on Seabirds: A Global Review},
  journal = {Conservation Biology}
}

@article{Karpouzi2007,
  doi = {10.3354/meps06860},
  url = {https://doi.org/10.3354/meps06860},
  year  = {2007},
  month = {aug},
  publisher = {Inter-Research Science Center},
  volume = {343},
  pages = {87--99},
  author = {VS Karpouzi and R Watson and D Pauly},
  title = {Modelling and mapping resource overlap between seabirds and fisheries on a global scale: a preliminary assessment},
  journal = {Marine Ecology Progress Series}
}

@article{Keitt2015,
  doi = {10.1016/j.biocon.2014.10.014},
  url = {https://doi.org/10.1016/j.biocon.2014.10.014},
  year  = {2015},
  month = {may},
  volume = {185},
  pages = {17--26},
  author = {B. Keitt and R. Griffiths and S. Boudjelas and K. Broome and S. Cranwell and J. Millett and W. Pitt and A. Samaniego-Herrera},
  title = {Best practice guidelines for rat eradication on tropical islands},
  journal = {Biological Conservation}
}

@article{Medina2011,
  doi = {10.1111/j.1365-2486.2011.02464.x},
  author = {Medina, F.M. and Bonnaud, E. and Vidal, E. and Tershy, B.R. and Zavaleta, E.S. and Donlan, C.J. and Keitt, B.S. and Le Corre, M. and Horwarth, S.V. and Nogales, M.},
  journal = {Global Chang Biol},
  pages = {3503–3510},
  title = {A global review of the impacts of invasive cats on island endangered vertebrates},
  volume = {17},
  year = {2011}
}

@article{Meyers2000,
  doi = {10.1038/35002501},
  author = {Myers, N. and Mittermeier, R.A. and Mittermeier, C.G. and da Fonseca, G.A.B. and Kent, J.},
  journal = {Nature},
  number = {403},
  pages = {853--858},
  title = {Biodiversity hotspots for conservation priorities},
  year  = {2000}
}

@article{Polis1996,
  author = {Gary A. Polis, Stephen D. Hurd},
  ISSN = {00030147, 15375323},
  journal = {The American Naturalist},
  number = {3},
  pages = {396-423},
  publisher = {[University of Chicago Press, American Society of Naturalists]},
  title = {Linking Marine and Terrestrial Food Webs: Allochthonous Input from the Ocean Supports High Secondary Productivity on Small Islands and Coastal Land Communities},
  title={Linking marine and terrestrial food webs: Allochthonous input from the ocean supports high productivity in small island and coastal land communities},
  url = {http://www.jstor.org/stable/2463215},
  volume = {147},
  year = {1996}
}

@article{Rojas2019,
  ID = {42374},
  author = {Rojas-Mayoral, E. and Méndez-Sánchez, F.A. and Rojas-Mayoral, B. and Aguirre-Muñoz, A.},
  journal = {SPREP LIBRARY},
  PEIN-ID = {403},
  publisher = {International Union for Nature Conservation (IUCN)},
  pages = {47--50},
  title = {Improving the efficiency of aerial rodent eradications by means of the numerical estimation of rodenticide density},
  url = {https://web.archive.org/https://library.sprep.org/sites/default/files/improving-efficiency-aerial-rodent-eradications-means-numerical-estimation-rodenticide-density.pdf},
  year  = {2019}
}

@article{Towns2006,
  doi = {10.1007/s10530-005-0421-z},
  author = {Towns, D.R. and Atkinson, I.A.E. and Daugherty, C.H.},
  journal = {Biological Invasions},
  pages = {863-891},
  title = {Have the harmful effects of introduced rats on islands been exaggerated?},
  volume = {8},
  year = {2006}
}
